@article{German,
year={2015},
issn={1382-3256},
journal={Empirical Software Engineering},
doi={10.1007/s10664-014-9356-2},
title={Continuously mining distributed version control systems: an empirical study of how Linux uses Git},
url={http://dx.doi.org/10.1007/s10664-014-9356-2},
publisher={Springer US},
keywords={Mining software repositories; Distributed version control; Rebasing; Empirical software engineering; Measuring bias; Linux; Open source development},
author = {German, Daniel M and Adams, Bram and Hassan, Ahmed E},
title = {{Continuously Mining Distributed Version Control Systems : An empirical study of how Linux uses git}},
pages={1-40},
language={English}
}
