@inproceedings{Wilde2016,
  author={Wilde, Evan and Daniel M. German},
  title={Merge-Tree: Visualizing the Integration of Commits into Linux},
  booktitle={2016 IEEE Working Conference on Software Visualization (VISSOFT)},
  year={2016},
  month={Oct},
  pages={1-10},
  doi={10.1109/VISSOFT.2016.18},
  keywords={Linux;directed graphs;tree data structures;Android platform;DAG;Linux git repository;Linux kernel;Linux repository;directed acyclic graph;merge-tree;Hardware;History;Kernel;Linux;Merging;Security;Visualization;Linux;data structures;git;tree data structures}
}
